<?xml version="1.0" encoding="UTF-8"?><collection xmlns="http://www.loc.gov/MARC21/slim"><record><leader>00487nam--2200181-i-4500</leader><controlfield tag="001">000042221</controlfield><controlfield tag="002">20161230</controlfield><controlfield tag="005">20161230201043</controlfield><controlfield tag="008">060222s1000------------r-----000-0-eng-d</controlfield><datafield ind1=" " ind2=" " tag="040"><subfield code="a">IFIN-H</subfield></datafield><datafield ind1=" " ind2=" " tag="080"><subfield code="a">53.08</subfield></datafield><datafield ind1="1" ind2=" " tag="100"><subfield code="a">Somekh,E.M</subfield></datafield><datafield ind1="1" ind2="0" tag="245"><subfield code="a">Practical physics. with a foreword by f.c. brown</subfield><subfield code="c">E.m. somekh</subfield></datafield><datafield ind1=" " ind2=" " tag="260"><subfield code="a">London</subfield><subfield code="b">Chatto&amp; Windus</subfield><subfield code="c">1965</subfield></datafield><datafield ind1=" " ind2=" " tag="300"><subfield code="a">343 P</subfield></datafield><datafield ind1=" " ind2=" " tag="490"><subfield code="a">Modern Science. Physics And Chemistry</subfield></datafield><datafield ind1=" " ind2=" " tag="852"><subfield code="a">25022</subfield><subfield code="c">53.08</subfield></datafield><datafield ind1=" " ind2=" " tag="CAT"><subfield code="a">Sys</subfield><subfield code="c">20151028</subfield><subfield code="h">104700</subfield></datafield></record></collection>